@article {Du345983,
	author = {Du, Huilong and Liang, Chengzhi},
	title = {Assembly of chromosome-scale contigs by efficiently resolving repetitive sequences with long reads},
	elocation-id = {345983},
	year = {2018},
	doi = {10.1101/345983},
	publisher = {Cold Spring Harbor Laboratory},
	URL = {https://www.biorxiv.org/content/early/2018/06/13/345983},
	eprint = {https://www.biorxiv.org/content/early/2018/06/13/345983.full.pdf},
	journal = {bioRxiv}
}
